<record><leader>00000cas a22000007a 4500</leader><controlfield tag="001">18387166</controlfield><controlfield tag="008">880822d19591973ohuwr ne      0    0eng d</controlfield><datafield ind1=" " ind2=" " tag="010"><subfield code="a">sn 88077784 </subfield></datafield><datafield ind1=" " ind2=" " tag="040"><subfield code="a">ONP</subfield><subfield code="b">eng</subfield><subfield code="c">ONP</subfield><subfield code="d">OCLCQ</subfield></datafield><datafield ind1=" " ind2=" " tag="042"><subfield code="a">msc</subfield></datafield><datafield ind1="0" ind2=" " tag="130"><subfield code="a">Little weekly (Reynoldsburg, Ohio)</subfield></datafield><datafield ind1="1" ind2="0" tag="245"><subfield code="a">Little weekly.</subfield></datafield><datafield ind1="3" ind2="0" tag="246"><subfield code="a">Reynoldsburg little weekly</subfield></datafield><datafield ind1=" " ind2=" " tag="260"><subfield code="a">Reynoldsburg, Ohio :</subfield><subfield code="b">[s.n.],</subfield><subfield code="c">1959-1973.</subfield></datafield><datafield ind1=" " ind2=" " tag="310"><subfield code="a">Weekly</subfield></datafield><datafield ind1="0" ind2=" " tag="362"><subfield code="a">Vol. 1, no. 1 (Apr. 1, 1959)-v. 18, no. 39 (July 18, 1973).</subfield></datafield><datafield ind1=" " ind2=" " tag="500"><subfield code="a">Published as: Reynoldsburg little weekly, June 20, 1973-July 18, 1973.</subfield></datafield><datafield ind1=" " ind2=" " tag="752"><subfield code="a">United States</subfield><subfield code="b">Ohio</subfield><subfield code="c">Franklin</subfield><subfield code="d">Reynoldsburg.</subfield></datafield><datafield ind1="0" ind2="0" tag="785"><subfield code="t">Reynoldsburg reporter</subfield><subfield code="w">(DLC)sn 88077785</subfield></datafield></record>